@book{fischetti,
    title = {Introduction to Mathematical Optimization},
    author = {Matteo Fischetti},
    year = {2019},
    month = {09},
    day = {12},
    pagecount = {232},
    isbn = {9781692792022}
}